<?xml version="1.0" encoding="UTF-8"?><collection xmlns="http://www.loc.gov/MARC21/slim"><record><leader>00486nam--2200133-i-4500</leader><controlfield tag="001">000034479</controlfield><controlfield tag="002">20161230</controlfield><controlfield tag="005">20161230201040</controlfield><controlfield tag="008">060222s1000------------r-----000-0-eng-d</controlfield><datafield ind1=" " ind2=" " tag="080"><subfield code="a">543.53(043)</subfield></datafield><datafield ind1=" " ind2=" " tag="100"><subfield code="a">Nordmann, Francis</subfield></datafield><datafield ind1=" " ind2=" " tag="245"><subfield code="a">Contribution a l`etude de la determination de traces d`elements legers dans des metaux alcalins par activation au moyen de photons gamma et de particules chargees. these</subfield></datafield><datafield ind1=" " ind2=" " tag="260"><subfield code="a">Strasbourg, Univ.Louis Pasteur, 1973, 96p.+ 23 Fig</subfield></datafield><datafield ind1=" " ind2=" " tag="852"><subfield code="a">42171</subfield></datafield></record></collection>